@article{sheldon2004getting,
  title={Getting students to school: using family and community involvement to reduce chronic absenteeism.},
  author={Sheldon, Steven B and Epstein, Joyce L},
  journal={School Community Journal},
  volume={14},
  number={2},
  pages={39-56},
  year={2004},
  publisher={ERIC}
}

@article{bowen2022revealing,
  title={Revealing underlying factors of absenteeism: A machine learning approach},
  author={Bowen, Francis and Gentle-Genitty, Carolyn and Siegler, Janaina and Jackson, Marlin},
  journal={Frontiers in Psychology},
  volume={13},
  pages={958748},
  year={2022},
  publisher={Frontiers Media SA}
}

@article{wu2024leveraging,
  title={Leveraging Modern Machine Learning to Improve Early Warning Systems and Reduce Chronic Absenteeism in Early Childhood. EdWorkingPaper No. 24-1081.},
  author={Wu, Tiffany and Weiland, Christina},
  journal={Annenberg Institute for School Reform at Brown University},
  year={2024},
  publisher={ERIC}
}

@article{jarbou2022deep,
  title={Deep learning-based school attendance prediction for autistic students},
  author={Jarbou, Mohammed and Won, Daehan and Gillis-Mattson, Jennifer and Romanczyk, Raymond},
  journal={Scientific Reports},
  volume={12},
  number={1},
  pages={1431},
  year={2022},
  publisher={Nature Publishing Group UK London}
}

@misc{used2024chronic,
  author       = {{U.S. Department of Education}},
  title        = {Chronic Absenteeism},
  year         = {2024},
  url          = {https://www.ed.gov/teaching-and-administration/supporting-students/chronic-absenteeism},
  note         = {Accessed: 2025-04-21}
}

@misc{ede2021chronic,
  author       = {{U.S. Department of Education}},
  title        = {Chronic Absenteeism Dashboard: 2021â€“2022},
  year         = {2024},
  url          = {https://eddataexpress.ed.gov/dashboard/chronic-absenteeism/2021-2022},
  note         = {Accessed: 2025-04-21}
}

@misc{egorov2025chronic,
  author       = {Egorov, Danyela Souza},
  title        = {Chronic Absenteeism Is Hampering School Improvement Efforts in New York City},
  year         = {2025},
  month        = {March},
  url          = {https://manhattan.institute/article/chronic-absenteeism-hampering-school-improvement-efforts-new-york-city},
  note         = {Accessed: 2025-04-21}
}
